<?xml version="1.0" encoding="UTF-8"?><collection xmlns="http://www.loc.gov/MARC21/slim"><record><leader>00341nam--2200121-i-4500</leader><controlfield tag="001">000023059</controlfield><controlfield tag="002">20161230</controlfield><controlfield tag="005">20161230201034</controlfield><controlfield tag="008">060222s1000------------r-----000-0-eng-d</controlfield><datafield ind1=" " ind2=" " tag="245"><subfield code="a">Initiation aux nouveautes de la science:11.introduction a l`analyse du chemin.</subfield></datafield><datafield ind1=" " ind2=" " tag="260"><subfield code="a">Paris, Dunod, 1969. Xiv + 225p</subfield></datafield><datafield ind1=" " ind2=" " tag="700"><subfield code="a">K.G.Lockyer</subfield></datafield><datafield ind1=" " ind2=" " tag="852"><subfield code="a">27451</subfield></datafield></record></collection>